@misc{ds-sim,
  author = {Young Choon Lee},
  title = {ds-sim: an open-source and language-independent
distributed systems simulator},
  year = {2020},
  howpublished = {\url{https://github.com/distsys-MQ/ds-sim}},
}

@misc{assignment-stage-1-spec,
  author = {School of Computing Macquarie University},
  title = {COMP3100 Project Stage 1 Specification document},
  year = {2023},
  howpublished = {\url{https://ilearn.mq.edu.au/mod/resource/view.php?id=7380298}},
}

@misc{assignment-git,
  author = {Lewis McCarthy},
  title = {COMP3100 Project repository},
  year = {2023},
  howpublished = {\url{https://github.com/LeCarthy/comp3100Project.git}},
}